%YAML 1.1
%TAG !u! tag:unity3d.com,2011:
--- !u!1 &2794750187018422380
GameObject:
  m_ObjectHideFlags: 0
  m_CorrespondingSourceObject: {fileID: 0}
  m_PrefabInstance: {fileID: 0}
  m_PrefabAsset: {fileID: 0}
  serializedVersion: 6
  m_Component:
  - component: {fileID: 2794750187018422381}
  m_Layer: 0
  m_Name: Explosionx4
  m_TagString: Untagged
  m_Icon: {fileID: 0}
  m_NavMeshLayer: 0
  m_StaticEditorFlags: 0
  m_IsActive: 1
--- !u!4 &2794750187018422381
Transform:
  m_ObjectHideFlags: 0
  m_CorrespondingSourceObject: {fileID: 0}
  m_PrefabInstance: {fileID: 0}
  m_PrefabAsset: {fileID: 0}
  m_GameObject: {fileID: 2794750187018422380}
  m_LocalRotation: {x: -0, y: -0, z: -0, w: 1}
  m_LocalPosition: {x: 0, y: 0, z: 0}
  m_LocalScale: {x: 0.2, y: 0.2, z: 0.2}
  m_ConstrainProportionsScale: 1
  m_Children:
  - {fileID: 5940018383689648469}
  - {fileID: 5940018384071097059}
  - {fileID: 5940018384013366113}
  - {fileID: 5940018383607449233}
  m_Father: {fileID: 7351752330125512627}
  m_RootOrder: 2
  m_LocalEulerAnglesHint: {x: 0, y: 0, z: 0}
--- !u!1 &7351752330125512636
GameObject:
  m_ObjectHideFlags: 0
  m_CorrespondingSourceObject: {fileID: 0}
  m_PrefabInstance: {fileID: 0}
  m_PrefabAsset: {fileID: 0}
  serializedVersion: 6
  m_Component:
  - component: {fileID: 7351752330125512627}
  - component: {fileID: 7351752330125512626}
  - component: {fileID: 6891607700970823380}
  m_Layer: 0
  m_Name: ExplRangePU
  m_TagString: Untagged
  m_Icon: {fileID: 0}
  m_NavMeshLayer: 0
  m_StaticEditorFlags: 0
  m_IsActive: 1
--- !u!4 &7351752330125512627
Transform:
  m_ObjectHideFlags: 0
  m_CorrespondingSourceObject: {fileID: 0}
  m_PrefabInstance: {fileID: 0}
  m_PrefabAsset: {fileID: 0}
  m_GameObject: {fileID: 7351752330125512636}
  m_LocalRotation: {x: 0, y: 0, z: 0, w: 1}
  m_LocalPosition: {x: -5, y: 4, z: 0}
  m_LocalScale: {x: 1, y: 1, z: 1}
  m_ConstrainProportionsScale: 0
  m_Children:
  - {fileID: 7351752330762263265}
  - {fileID: 7351752331862045744}
  - {fileID: 2794750187018422381}
  m_Father: {fileID: 0}
  m_RootOrder: 0
  m_LocalEulerAnglesHint: {x: 0, y: 0, z: 0}
--- !u!61 &7351752330125512626
BoxCollider2D:
  m_ObjectHideFlags: 0
  m_CorrespondingSourceObject: {fileID: 0}
  m_PrefabInstance: {fileID: 0}
  m_PrefabAsset: {fileID: 0}
  m_GameObject: {fileID: 7351752330125512636}
  m_Enabled: 1
  m_Density: 1
  m_Material: {fileID: 0}
  m_IsTrigger: 1
  m_UsedByEffector: 0
  m_UsedByComposite: 0
  m_Offset: {x: 0, y: 0}
  m_SpriteTilingProperty:
    border: {x: 0, y: 0, z: 0, w: 0}
    pivot: {x: 0, y: 0}
    oldSize: {x: 0, y: 0}
    newSize: {x: 0, y: 0}
    adaptiveTilingThreshold: 0
    drawMode: 0
    adaptiveTiling: 0
  m_AutoTiling: 0
  serializedVersion: 2
  m_Size: {x: 0.78402084, y: 0.6921575}
  m_EdgeRadius: 0
--- !u!114 &6891607700970823380
MonoBehaviour:
  m_ObjectHideFlags: 0
  m_CorrespondingSourceObject: {fileID: 0}
  m_PrefabInstance: {fileID: 0}
  m_PrefabAsset: {fileID: 0}
  m_GameObject: {fileID: 7351752330125512636}
  m_Enabled: 1
  m_EditorHideFlags: 0
  m_Script: {fileID: 11500000, guid: d0fe4a0e7818fdf4999c56fddcf615f9, type: 3}
  m_Name: 
  m_EditorClassIdentifier: 
--- !u!1 &7351752330762263267
GameObject:
  m_ObjectHideFlags: 0
  m_CorrespondingSourceObject: {fileID: 0}
  m_PrefabInstance: {fileID: 0}
  m_PrefabAsset: {fileID: 0}
  serializedVersion: 6
  m_Component:
  - component: {fileID: 7351752330762263265}
  - component: {fileID: 7351752330762263266}
  m_Layer: 0
  m_Name: Hexagon Flat-Top
  m_TagString: Untagged
  m_Icon: {fileID: 0}
  m_NavMeshLayer: 0
  m_StaticEditorFlags: 0
  m_IsActive: 1
--- !u!4 &7351752330762263265
Transform:
  m_ObjectHideFlags: 0
  m_CorrespondingSourceObject: {fileID: 0}
  m_PrefabInstance: {fileID: 0}
  m_PrefabAsset: {fileID: 0}
  m_GameObject: {fileID: 7351752330762263267}
  m_LocalRotation: {x: -0, y: -0, z: -0, w: 1}
  m_LocalPosition: {x: 0, y: 0, z: 0}
  m_LocalScale: {x: 0.8, y: 0.8, z: 0.8}
  m_ConstrainProportionsScale: 1
  m_Children: []
  m_Father: {fileID: 7351752330125512627}
  m_RootOrder: 0
  m_LocalEulerAnglesHint: {x: 0, y: 0, z: 0}
--- !u!212 &7351752330762263266
SpriteRenderer:
  m_ObjectHideFlags: 0
  m_CorrespondingSourceObject: {fileID: 0}
  m_PrefabInstance: {fileID: 0}
  m_PrefabAsset: {fileID: 0}
  m_GameObject: {fileID: 7351752330762263267}
  m_Enabled: 1
  m_CastShadows: 0
  m_ReceiveShadows: 0
  m_DynamicOccludee: 1
  m_StaticShadowCaster: 0
  m_MotionVectors: 1
  m_LightProbeUsage: 1
  m_ReflectionProbeUsage: 1
  m_RayTracingMode: 0
  m_RayTraceProcedural: 0
  m_RenderingLayerMask: 1
  m_RendererPriority: 0
  m_Materials:
  - {fileID: 10754, guid: 0000000000000000f000000000000000, type: 0}
  m_StaticBatchInfo:
    firstSubMesh: 0
    subMeshCount: 0
  m_StaticBatchRoot: {fileID: 0}
  m_ProbeAnchor: {fileID: 0}
  m_LightProbeVolumeOverride: {fileID: 0}
  m_ScaleInLightmap: 1
  m_ReceiveGI: 1
  m_PreserveUVs: 0
  m_IgnoreNormalsForChartDetection: 0
  m_ImportantGI: 0
  m_StitchLightmapSeams: 1
  m_SelectedEditorRenderState: 0
  m_MinimumChartSize: 4
  m_AutoUVMaxDistance: 0.5
  m_AutoUVMaxAngle: 89
  m_LightmapParameters: {fileID: 0}
  m_SortingLayerID: 0
  m_SortingLayer: 0
  m_SortingOrder: 7
  m_Sprite: {fileID: 2747690628134850419, guid: b670ab75dde984907b8570040daa08c5, type: 3}
  m_Color: {r: 0.21947306, g: 0.78560597, b: 0.8490566, a: 1}
  m_FlipX: 0
  m_FlipY: 0
  m_DrawMode: 0
  m_Size: {x: 1, y: 0.8828125}
  m_AdaptiveModeThreshold: 0.5
  m_SpriteTileMode: 0
  m_WasSpriteAssigned: 1
  m_MaskInteraction: 0
  m_SpriteSortPoint: 0
--- !u!1 &7351752331862045745
GameObject:
  m_ObjectHideFlags: 0
  m_CorrespondingSourceObject: {fileID: 0}
  m_PrefabInstance: {fileID: 0}
  m_PrefabAsset: {fileID: 0}
  serializedVersion: 6
  m_Component:
  - component: {fileID: 7351752331862045744}
  - component: {fileID: 7351752331862045751}
  m_Layer: 0
  m_Name: Hexagon Flat-Top (1)
  m_TagString: Untagged
  m_Icon: {fileID: 0}
  m_NavMeshLayer: 0
  m_StaticEditorFlags: 0
  m_IsActive: 1
--- !u!4 &7351752331862045744
Transform:
  m_ObjectHideFlags: 0
  m_CorrespondingSourceObject: {fileID: 0}
  m_PrefabInstance: {fileID: 0}
  m_PrefabAsset: {fileID: 0}
  m_GameObject: {fileID: 7351752331862045745}
  m_LocalRotation: {x: -0, y: -0, z: -0, w: 1}
  m_LocalPosition: {x: 0, y: 0, z: 0}
  m_LocalScale: {x: 0.7, y: 0.7, z: 0.7}
  m_ConstrainProportionsScale: 1
  m_Children: []
  m_Father: {fileID: 7351752330125512627}
  m_RootOrder: 1
  m_LocalEulerAnglesHint: {x: 0, y: 0, z: 0}
--- !u!212 &7351752331862045751
SpriteRenderer:
  m_ObjectHideFlags: 0
  m_CorrespondingSourceObject: {fileID: 0}
  m_PrefabInstance: {fileID: 0}
  m_PrefabAsset: {fileID: 0}
  m_GameObject: {fileID: 7351752331862045745}
  m_Enabled: 1
  m_CastShadows: 0
  m_ReceiveShadows: 0
  m_DynamicOccludee: 1
  m_StaticShadowCaster: 0
  m_MotionVectors: 1
  m_LightProbeUsage: 1
  m_ReflectionProbeUsage: 1
  m_RayTracingMode: 0
  m_RayTraceProcedural: 0
  m_RenderingLayerMask: 1
  m_RendererPriority: 0
  m_Materials:
  - {fileID: 10754, guid: 0000000000000000f000000000000000, type: 0}
  m_StaticBatchInfo:
    firstSubMesh: 0
    subMeshCount: 0
  m_StaticBatchRoot: {fileID: 0}
  m_ProbeAnchor: {fileID: 0}
  m_LightProbeVolumeOverride: {fileID: 0}
  m_ScaleInLightmap: 1
  m_ReceiveGI: 1
  m_PreserveUVs: 0
  m_IgnoreNormalsForChartDetection: 0
  m_ImportantGI: 0
  m_StitchLightmapSeams: 1
  m_SelectedEditorRenderState: 0
  m_MinimumChartSize: 4
  m_AutoUVMaxDistance: 0.5
  m_AutoUVMaxAngle: 89
  m_LightmapParameters: {fileID: 0}
  m_SortingLayerID: 0
  m_SortingLayer: 0
  m_SortingOrder: 8
  m_Sprite: {fileID: 2747690628134850419, guid: b670ab75dde984907b8570040daa08c5, type: 3}
  m_Color: {r: 0.20797431, g: 0.5042, b: 0.8679245, a: 1}
  m_FlipX: 0
  m_FlipY: 0
  m_DrawMode: 0
  m_Size: {x: 1, y: 0.8828125}
  m_AdaptiveModeThreshold: 0.5
  m_SpriteTileMode: 0
  m_WasSpriteAssigned: 1
  m_MaskInteraction: 0
  m_SpriteSortPoint: 0
--- !u!1001 &2794750186530754566
PrefabInstance:
  m_ObjectHideFlags: 0
  serializedVersion: 2
  m_Modification:
    m_TransformParent: {fileID: 2794750187018422381}
    m_Modifications:
    - target: {fileID: 2095742590605442099, guid: 5e4844bea6d3c0d488af862ca6b997e2, type: 3}
      propertyPath: m_Name
      value: Explosion (2)
      objectReference: {fileID: 0}
    - target: {fileID: 2095742590605442099, guid: 5e4844bea6d3c0d488af862ca6b997e2, type: 3}
      propertyPath: m_TagString
      value: Untagged
      objectReference: {fileID: 0}
    - target: {fileID: 8405930510994850663, guid: 5e4844bea6d3c0d488af862ca6b997e2, type: 3}
      propertyPath: m_RootOrder
      value: 2
      objectReference: {fileID: 0}
    - target: {fileID: 8405930510994850663, guid: 5e4844bea6d3c0d488af862ca6b997e2, type: 3}
      propertyPath: m_LocalScale.x
      value: 1.5
      objectReference: {fileID: 0}
    - target: {fileID: 8405930510994850663, guid: 5e4844bea6d3c0d488af862ca6b997e2, type: 3}
      propertyPath: m_LocalScale.y
      value: 1
      objectReference: {fileID: 0}
    - target: {fileID: 8405930510994850663, guid: 5e4844bea6d3c0d488af862ca6b997e2, type: 3}
      propertyPath: m_LocalPosition.x
      value: 0
      objectReference: {fileID: 0}
    - target: {fileID: 8405930510994850663, guid: 5e4844bea6d3c0d488af862ca6b997e2, type: 3}
      propertyPath: m_LocalPosition.y
      value: 0
      objectReference: {fileID: 0}
    - target: {fileID: 8405930510994850663, guid: 5e4844bea6d3c0d488af862ca6b997e2, type: 3}
      propertyPath: m_LocalPosition.z
      value: 0
      objectReference: {fileID: 0}
    - target: {fileID: 8405930510994850663, guid: 5e4844bea6d3c0d488af862ca6b997e2, type: 3}
      propertyPath: m_LocalRotation.w
      value: 0
      objectReference: {fileID: 0}
    - target: {fileID: 8405930510994850663, guid: 5e4844bea6d3c0d488af862ca6b997e2, type: 3}
      propertyPath: m_LocalRotation.x
      value: -0
      objectReference: {fileID: 0}
    - target: {fileID: 8405930510994850663, guid: 5e4844bea6d3c0d488af862ca6b997e2, type: 3}
      propertyPath: m_LocalRotation.y
      value: -0
      objectReference: {fileID: 0}
    - target: {fileID: 8405930510994850663, guid: 5e4844bea6d3c0d488af862ca6b997e2, type: 3}
      propertyPath: m_LocalRotation.z
      value: 1
      objectReference: {fileID: 0}
    - target: {fileID: 8405930510994850663, guid: 5e4844bea6d3c0d488af862ca6b997e2, type: 3}
      propertyPath: m_LocalEulerAnglesHint.x
      value: 0
      objectReference: {fileID: 0}
    - target: {fileID: 8405930510994850663, guid: 5e4844bea6d3c0d488af862ca6b997e2, type: 3}
      propertyPath: m_LocalEulerAnglesHint.y
      value: 0
      objectReference: {fileID: 0}
    - target: {fileID: 8405930510994850663, guid: 5e4844bea6d3c0d488af862ca6b997e2, type: 3}
      propertyPath: m_LocalEulerAnglesHint.z
      value: 180
      objectReference: {fileID: 0}
    m_RemovedComponents: []
  m_SourcePrefab: {fileID: 100100000, guid: 5e4844bea6d3c0d488af862ca6b997e2, type: 3}
--- !u!4 &5940018384013366113 stripped
Transform:
  m_CorrespondingSourceObject: {fileID: 8405930510994850663, guid: 5e4844bea6d3c0d488af862ca6b997e2, type: 3}
  m_PrefabInstance: {fileID: 2794750186530754566}
  m_PrefabAsset: {fileID: 0}
--- !u!1001 &2794750186657659268
PrefabInstance:
  m_ObjectHideFlags: 0
  serializedVersion: 2
  m_Modification:
    m_TransformParent: {fileID: 2794750187018422381}
    m_Modifications:
    - target: {fileID: 2095742590605442099, guid: 5e4844bea6d3c0d488af862ca6b997e2, type: 3}
      propertyPath: m_Name
      value: Explosion (1)
      objectReference: {fileID: 0}
    - target: {fileID: 2095742590605442099, guid: 5e4844bea6d3c0d488af862ca6b997e2, type: 3}
      propertyPath: m_TagString
      value: Untagged
      objectReference: {fileID: 0}
    - target: {fileID: 8405930510994850663, guid: 5e4844bea6d3c0d488af862ca6b997e2, type: 3}
      propertyPath: m_RootOrder
      value: 1
      objectReference: {fileID: 0}
    - target: {fileID: 8405930510994850663, guid: 5e4844bea6d3c0d488af862ca6b997e2, type: 3}
      propertyPath: m_LocalScale.x
      value: 1.5
      objectReference: {fileID: 0}
    - target: {fileID: 8405930510994850663, guid: 5e4844bea6d3c0d488af862ca6b997e2, type: 3}
      propertyPath: m_LocalScale.y
      value: 1
      objectReference: {fileID: 0}
    - target: {fileID: 8405930510994850663, guid: 5e4844bea6d3c0d488af862ca6b997e2, type: 3}
      propertyPath: m_LocalPosition.x
      value: 0
      objectReference: {fileID: 0}
    - target: {fileID: 8405930510994850663, guid: 5e4844bea6d3c0d488af862ca6b997e2, type: 3}
      propertyPath: m_LocalPosition.y
      value: 0
      objectReference: {fileID: 0}
    - target: {fileID: 8405930510994850663, guid: 5e4844bea6d3c0d488af862ca6b997e2, type: 3}
      propertyPath: m_LocalPosition.z
      value: 0
      objectReference: {fileID: 0}
    - target: {fileID: 8405930510994850663, guid: 5e4844bea6d3c0d488af862ca6b997e2, type: 3}
      propertyPath: m_LocalRotation.w
      value: 0.7071068
      objectReference: {fileID: 0}
    - target: {fileID: 8405930510994850663, guid: 5e4844bea6d3c0d488af862ca6b997e2, type: 3}
      propertyPath: m_LocalRotation.x
      value: -0
      objectReference: {fileID: 0}
    - target: {fileID: 8405930510994850663, guid: 5e4844bea6d3c0d488af862ca6b997e2, type: 3}
      propertyPath: m_LocalRotation.y
      value: -0
      objectReference: {fileID: 0}
    - target: {fileID: 8405930510994850663, guid: 5e4844bea6d3c0d488af862ca6b997e2, type: 3}
      propertyPath: m_LocalRotation.z
      value: 0.7071068
      objectReference: {fileID: 0}
    - target: {fileID: 8405930510994850663, guid: 5e4844bea6d3c0d488af862ca6b997e2, type: 3}
      propertyPath: m_LocalEulerAnglesHint.x
      value: 0
      objectReference: {fileID: 0}
    - target: {fileID: 8405930510994850663, guid: 5e4844bea6d3c0d488af862ca6b997e2, type: 3}
      propertyPath: m_LocalEulerAnglesHint.y
      value: 0
      objectReference: {fileID: 0}
    - target: {fileID: 8405930510994850663, guid: 5e4844bea6d3c0d488af862ca6b997e2, type: 3}
      propertyPath: m_LocalEulerAnglesHint.z
      value: 90
      objectReference: {fileID: 0}
    m_RemovedComponents: []
  m_SourcePrefab: {fileID: 100100000, guid: 5e4844bea6d3c0d488af862ca6b997e2, type: 3}
--- !u!4 &5940018384071097059 stripped
Transform:
  m_CorrespondingSourceObject: {fileID: 8405930510994850663, guid: 5e4844bea6d3c0d488af862ca6b997e2, type: 3}
  m_PrefabInstance: {fileID: 2794750186657659268}
  m_PrefabAsset: {fileID: 0}
--- !u!1001 &2794750187204052470
PrefabInstance:
  m_ObjectHideFlags: 0
  serializedVersion: 2
  m_Modification:
    m_TransformParent: {fileID: 2794750187018422381}
    m_Modifications:
    - target: {fileID: 2095742590605442099, guid: 5e4844bea6d3c0d488af862ca6b997e2, type: 3}
      propertyPath: m_Name
      value: Explosion (3)
      objectReference: {fileID: 0}
    - target: {fileID: 2095742590605442099, guid: 5e4844bea6d3c0d488af862ca6b997e2, type: 3}
      propertyPath: m_TagString
      value: Untagged
      objectReference: {fileID: 0}
    - target: {fileID: 8405930510994850663, guid: 5e4844bea6d3c0d488af862ca6b997e2, type: 3}
      propertyPath: m_RootOrder
      value: 3
      objectReference: {fileID: 0}
    - target: {fileID: 8405930510994850663, guid: 5e4844bea6d3c0d488af862ca6b997e2, type: 3}
      propertyPath: m_LocalScale.x
      value: 1.5
      objectReference: {fileID: 0}
    - target: {fileID: 8405930510994850663, guid: 5e4844bea6d3c0d488af862ca6b997e2, type: 3}
      propertyPath: m_LocalPosition.x
      value: 0
      objectReference: {fileID: 0}
    - target: {fileID: 8405930510994850663, guid: 5e4844bea6d3c0d488af862ca6b997e2, type: 3}
      propertyPath: m_LocalPosition.y
      value: 0
      objectReference: {fileID: 0}
    - target: {fileID: 8405930510994850663, guid: 5e4844bea6d3c0d488af862ca6b997e2, type: 3}
      propertyPath: m_LocalPosition.z
      value: 0
      objectReference: {fileID: 0}
    - target: {fileID: 8405930510994850663, guid: 5e4844bea6d3c0d488af862ca6b997e2, type: 3}
      propertyPath: m_LocalRotation.w
      value: 0.7071068
      objectReference: {fileID: 0}
    - target: {fileID: 8405930510994850663, guid: 5e4844bea6d3c0d488af862ca6b997e2, type: 3}
      propertyPath: m_LocalRotation.x
      value: -0
      objectReference: {fileID: 0}
    - target: {fileID: 8405930510994850663, guid: 5e4844bea6d3c0d488af862ca6b997e2, type: 3}
      propertyPath: m_LocalRotation.y
      value: -0
      objectReference: {fileID: 0}
    - target: {fileID: 8405930510994850663, guid: 5e4844bea6d3c0d488af862ca6b997e2, type: 3}
      propertyPath: m_LocalRotation.z
      value: -0.7071068
      objectReference: {fileID: 0}
    - target: {fileID: 8405930510994850663, guid: 5e4844bea6d3c0d488af862ca6b997e2, type: 3}
      propertyPath: m_LocalEulerAnglesHint.x
      value: 0
      objectReference: {fileID: 0}
    - target: {fileID: 8405930510994850663, guid: 5e4844bea6d3c0d488af862ca6b997e2, type: 3}
      propertyPath: m_LocalEulerAnglesHint.y
      value: 0
      objectReference: {fileID: 0}
    - target: {fileID: 8405930510994850663, guid: 5e4844bea6d3c0d488af862ca6b997e2, type: 3}
      propertyPath: m_LocalEulerAnglesHint.z
      value: -90
      objectReference: {fileID: 0}
    m_RemovedComponents: []
  m_SourcePrefab: {fileID: 100100000, guid: 5e4844bea6d3c0d488af862ca6b997e2, type: 3}
--- !u!4 &5940018383607449233 stripped
Transform:
  m_CorrespondingSourceObject: {fileID: 8405930510994850663, guid: 5e4844bea6d3c0d488af862ca6b997e2, type: 3}
  m_PrefabInstance: {fileID: 2794750187204052470}
  m_PrefabAsset: {fileID: 0}
--- !u!1001 &2794750187290741298
PrefabInstance:
  m_ObjectHideFlags: 0
  serializedVersion: 2
  m_Modification:
    m_TransformParent: {fileID: 2794750187018422381}
    m_Modifications:
    - target: {fileID: 2095742590605442099, guid: 5e4844bea6d3c0d488af862ca6b997e2, type: 3}
      propertyPath: m_Name
      value: Explosion
      objectReference: {fileID: 0}
    - target: {fileID: 2095742590605442099, guid: 5e4844bea6d3c0d488af862ca6b997e2, type: 3}
      propertyPath: m_TagString
      value: Untagged
      objectReference: {fileID: 0}
    - target: {fileID: 8405930510994850663, guid: 5e4844bea6d3c0d488af862ca6b997e2, type: 3}
      propertyPath: m_RootOrder
      value: 0
      objectReference: {fileID: 0}
    - target: {fileID: 8405930510994850663, guid: 5e4844bea6d3c0d488af862ca6b997e2, type: 3}
      propertyPath: m_LocalScale.x
      value: 1.5
      objectReference: {fileID: 0}
    - target: {fileID: 8405930510994850663, guid: 5e4844bea6d3c0d488af862ca6b997e2, type: 3}
      propertyPath: m_LocalScale.y
      value: 1
      objectReference: {fileID: 0}
    - target: {fileID: 8405930510994850663, guid: 5e4844bea6d3c0d488af862ca6b997e2, type: 3}
      propertyPath: m_LocalPosition.x
      value: 0
      objectReference: {fileID: 0}
    - target: {fileID: 8405930510994850663, guid: 5e4844bea6d3c0d488af862ca6b997e2, type: 3}
      propertyPath: m_LocalPosition.y
      value: 0
      objectReference: {fileID: 0}
    - target: {fileID: 8405930510994850663, guid: 5e4844bea6d3c0d488af862ca6b997e2, type: 3}
      propertyPath: m_LocalPosition.z
      value: 0
      objectReference: {fileID: 0}
    - target: {fileID: 8405930510994850663, guid: 5e4844bea6d3c0d488af862ca6b997e2, type: 3}
      propertyPath: m_LocalRotation.w
      value: 1
      objectReference: {fileID: 0}
    - target: {fileID: 8405930510994850663, guid: 5e4844bea6d3c0d488af862ca6b997e2, type: 3}
      propertyPath: m_LocalRotation.x
      value: -0
      objectReference: {fileID: 0}
    - target: {fileID: 8405930510994850663, guid: 5e4844bea6d3c0d488af862ca6b997e2, type: 3}
      propertyPath: m_LocalRotation.y
      value: -0
      objectReference: {fileID: 0}
    - target: {fileID: 8405930510994850663, guid: 5e4844bea6d3c0d488af862ca6b997e2, type: 3}
      propertyPath: m_LocalRotation.z
      value: -0
      objectReference: {fileID: 0}
    - target: {fileID: 8405930510994850663, guid: 5e4844bea6d3c0d488af862ca6b997e2, type: 3}
      propertyPath: m_LocalEulerAnglesHint.x
      value: 0
      objectReference: {fileID: 0}
    - target: {fileID: 8405930510994850663, guid: 5e4844bea6d3c0d488af862ca6b997e2, type: 3}
      propertyPath: m_LocalEulerAnglesHint.y
      value: 0
      objectReference: {fileID: 0}
    - target: {fileID: 8405930510994850663, guid: 5e4844bea6d3c0d488af862ca6b997e2, type: 3}
      propertyPath: m_LocalEulerAnglesHint.z
      value: 0
      objectReference: {fileID: 0}
    m_RemovedComponents: []
  m_SourcePrefab: {fileID: 100100000, guid: 5e4844bea6d3c0d488af862ca6b997e2, type: 3}
--- !u!4 &5940018383689648469 stripped
Transform:
  m_CorrespondingSourceObject: {fileID: 8405930510994850663, guid: 5e4844bea6d3c0d488af862ca6b997e2, type: 3}
  m_PrefabInstance: {fileID: 2794750187290741298}
  m_PrefabAsset: {fileID: 0}
